
@Online{zulehner17:effic_method_mappin_quant_circuit,
  author       = {Alwin Zulehner AND Alexandru Paler AND Robert Wille},
  title	       = {{An Efficient Methodology for Mapping Quantum
                  Circuits to the IBM QX Architectures}},
  year	       = 2017,
  archiveprefix= {arXiv},
  eprint       = {1712.04722v2},
  primaryclass = {quant-ph}
}

@Article{Wille_2008,
  author       = {Wille, Robert and Gro, Daniel and Teuber, Lisa and
                  Dueck, Gerhard W. and Drechsler, Rolf},
  title	       = {RevLib: An Online Resource for Reversible Functions
                  and Reversible Circuits},
  year	       = 2008,
  month	       = {May},
  issn	       = {0195-623X},
  doi	       = {10.1109/ismvl.2008.43},
  url	       = {http://dx.doi.org/10.1109/ismvl.2008.43},
  isbn	       = 9780769531557,
  journal      = {38th International Symposium on Multiple Valued
                  Logic (ismvl 2008)},
  publisher    = {IEEE}
}
@Article{Miller_2003,
  author       = {Miller, D. Michael and Maslov, Dmitri and Dueck,
                  Gerhard W.},
  title	       = {A transformation based algorithm for reversible
                  logic synthesis},
  year	       = 2003,
  doi	       = {10.1145/775832.775915},
  url	       = {http://dx.doi.org/10.1145/775832.775915},
  isbn	       = 1581136889,
  journal      = {Proceedings of the 40th conference on Design
                  automation - DAC ’03},
  publisher    = {ACM Press}
}
@Article{Wille_2009,
  author       = {Wille, Robert and Drechsler, Rolf},
  title	       = {BDD-based synthesis of reversible logic for large
                  functions},
  year	       = 2009,
  doi	       = {10.1145/1629911.1629984},
  url	       = {http://dx.doi.org/10.1145/1629911.1629984},
  isbn	       = 9781605584973,
  journal      = {Proceedings of the 46th Annual Design Automation
                  Conference on ZZZ - DAC ’09},
  publisher    = {ACM Press}
}
@Article{Bollig_1999,
  author       = {Bollig, Beate and Löbbing, Martin and Sauerhoff,
                  Martin and Wegener, Ingo},
  title	       = {On the Complexity of the Hidden Weighted Bit
                  Function for Various BDD Models},
  year	       = 1999,
  volume       = 33,
  number       = 2,
  month	       = {Mar},
  pages	       = {103–115},
  issn	       = {1290-385X},
  doi	       = {10.1051/ita:1999108},
  url	       = {http://dx.doi.org/10.1051/ita:1999108},
  journal      = {RAIRO - Theoretical Informatics and Applications},
  publisher    = {EDP Sciences}
}

@Article{Siraichi_2018,
  author       = {Siraichi, Marcos Yukio and Santos, Vinícius
                  Fernandes dos and Collange, Sylvain and Pereira,
                  Fernando Magno Quintao},
  title	       = {Qubit allocation},
  year	       = 2018,
  doi	       = {10.1145/3179541.3168822},
  url	       = {http://dx.doi.org/10.1145/3179541.3168822},
  isbn	       = 9781450356176,
  journal      = {Proceedings of the 2018 International Symposium on
                  Code Generation and Optimization - CGO 2018},
  publisher    = {ACM Press}
}
@Online{paler17:onlin_sched_execut_quant_circuit,
  author       = {Alexandru Paler AND Austin G. Fowler AND Robert
                  Wille},
  title	       = {{Online Scheduled Execution of Quantum Circuits
                  Protected by Surface Codes}},
  year	       = 2017,
  archiveprefix= {arXiv},
  eprint       = {1711.01385v1},
  primaryclass = {quant-ph}
}
@Article{Linke_2017,
  author       = {Linke, Norbert M. and Maslov, Dmitri and Roetteler,
                  Martin and Debnath, Shantanu and Figgatt, Caroline
                  and Landsman, Kevin A. and Wright, Kenneth and
                  Monroe, Christopher},
  title	       = {Experimental comparison of two quantum computing
                  architectures},
  year	       = 2017,
  volume       = 114,
  number       = 13,
  month	       = {Mar},
  pages	       = {3305–3310},
  issn	       = {1091-6490},
  doi	       = {10.1073/pnas.1618020114},
  url	       = {http://dx.doi.org/10.1073/pnas.1618020114},
  journal      = {Proceedings of the National Academy of Sciences},
  publisher    = {Proceedings of the National Academy of Sciences}
}
@Article{Venturelli_2018,
  author       = {Venturelli, Davide and Do, Minh and Rieffel, Eleanor
                  and Frank, Jeremy},
  title	       = {Compiling quantum circuits to realistic hardware
                  architectures using temporal planners},
  year	       = 2018,
  volume       = 3,
  number       = 2,
  month	       = {Feb},
  pages	       = 025004,
  issn	       = {2058-9565},
  doi	       = {10.1088/2058-9565/aaa331},
  url	       = {http://dx.doi.org/10.1088/2058-9565/aaa331},
  journal      = {Quantum Science and Technology},
  publisher    = {IOP Publishing}
}
@Article{Farghadan_2017,
  author       = {Farghadan, Azim and Mohammadzadeh, Naser},
  title	       = {Quantum circuit physical design flow for 2D
                  nearest-neighbor architectures},
  year	       = 2017,
  volume       = 45,
  number       = 7,
  month	       = {Mar},
  pages	       = {989–1000},
  issn	       = {0098-9886},
  doi	       = {10.1002/cta.2335},
  url	       = {http://dx.doi.org/10.1002/cta.2335},
  journal      = {International Journal of Circuit Theory and
                  Applications},
  publisher    = {Wiley-Blackwell}
}
@Article{Bishop_2017,
  author       = {Lev S. Bishop, Sergey Bravyi, Andrew Cross, Jay M. Gambetta, and John Smolin},
  title	       = {Quantum Volume},
  year	       = 2017,
  url	       = {https://dal.objectstorage.open.softlayer.com/v1/AUTH_039c3bf6e6e54d76b8e66152e2f87877/community-documents/quatnum-volumehp08co1vbo0cc8fr.pdf}
}
@Online{booth18:compar_integ_const_progr_tempor,
  author       = {Kyle E. C. Booth AND Minh Do AND J. Christopher Beck
                  AND Eleanor Rieffel AND Davide Venturelli AND Jeremy
                  Frank},
  title	       = {{Comparing and Integrating Constraint Programming
                  and Temporal Planning for Quantum Circuit
                  Compilation}},
  year	       = 2018,
  archiveprefix= {arXiv},
  eprint       = {1803.06775v1},
  primaryclass = {quant-ph}
}

@Article{Venturelli_2018,
  author       = {Venturelli, Davide and Do, Minh and Rieffel, Eleanor
                  and Frank, Jeremy},
  title	       = {Compiling quantum circuits to realistic hardware
                  architectures using temporal planners},
  year	       = 2018,
  volume       = 3,
  number       = 2,
  month	       = {Feb},
  pages	       = 025004,
  issn	       = {2058-9565},
  doi	       = {10.1088/2058-9565/aaa331},
  url	       = {http://dx.doi.org/10.1088/2058-9565/aaa331},
  journal      = {Quantum Science and Technology},
  publisher    = {IOP Publishing}
}
@Article{Lin_2014,
  author       = {Lin, Chia-Chun and Chakrabarti, Amlan and Jha, Niraj
                  K.},
  title	       = {QLib},
  year	       = 2014,
  volume       = 11,
  number       = 1,
  month	       = {Oct},
  pages	       = {1–20},
  issn	       = {1550-4832},
  doi	       = {10.1145/2629430},
  url	       = {http://dx.doi.org/10.1145/2629430},
  journal      = {ACM Journal on Emerging Technologies in Computing
                  Systems},
  publisher    = {Association for Computing Machinery (ACM)}
}
@Article{Nielsen_2009,
  author       = {Nielsen, Michael A. and Chuang, Isaac L.},
  title	       = {Quantum Computation and Quantum Information},
  year	       = 2009,
  doi	       = {10.1017/cbo9780511976667},
  url	       = {http://dx.doi.org/10.1017/cbo9780511976667},
  isbn	       = 9780511976667,
  publisher    = {Cambridge University Press}
}

@Article{JavadiAbhari_2015,
  author       = {JavadiAbhari, Ali and Patil, Shruti and Kudrow,
                  Daniel and Heckey, Jeff and Lvov, Alexey and Chong,
                  Frederic T. and Martonosi, Margaret},
  title	       = {ScaffCC: Scalable compilation and analysis of
                  quantum programs},
  year	       = 2015,
  volume       = 45,
  month	       = {Jun},
  pages	       = {2–17},
  issn	       = {0167-8191},
  doi	       = {10.1016/j.parco.2014.12.001},
  url	       = {http://dx.doi.org/10.1016/j.parco.2014.12.001},
  journal      = {Parallel Computing},
  publisher    = {Elsevier BV}
}
@Article{Metodi_2006,
  author       = {Metodi, Tzvetan S. and Thaker, Darshan D. and Cross,
                  Andrew W. and Chong, Frederic T. and Chuang, Isaac
                  L.},
  title	       = {Scheduling physical operations in a quantum
                  information processor},
  year	       = 2006,
  editor       = {Donkor, Eric J. and Pirich, Andrew R. and Brandt,
                  Howard E.Editors},
  month	       = {May},
  doi	       = {10.1117/12.666419},
  url	       = {http://dx.doi.org/10.1117/12.666419},
  journal      = {Quantum Information and Computation IV},
  publisher    = {SPIE}
}
@Article{Whitney_2007,
  author       = {Whitney, Mark and Isailovic, Nemanja and Patel,
                  Yatish and Kubiatowicz, John},
  title	       = {Automated generation of layout and control for
                  quantum circuits},
  year	       = 2007,
  doi	       = {10.1145/1242531.1242546},
  url	       = {http://dx.doi.org/10.1145/1242531.1242546},
  isbn	       = 9781595936837,
  journal      = {Proceedings of the 4th international conference on
                  Computing frontiers - CF ’07},
  publisher    = {ACM Press}
}
@Article{Dousti_2012,
  author       = {Dousti, M. J. and Pedram, M.},
  title	       = {Minimizing the latency of quantum circuits during
                  mapping to the ion-trap circuit fabric},
  year	       = 2012,
  month	       = {Mar},
  doi	       = {10.1109/date.2012.6176612},
  url	       = {http://dx.doi.org/10.1109/date.2012.6176612},
  isbn	       = 9783981080186,
  journal      = {2012 Design, Automation & Test in Europe Conference
                  & Exhibition (DATE)},
  publisher    = {IEEE}
}
@Article{Yazdani_2013,
  author       = {Yazdani, Maryam and Saheb Zamani, Morteza and
                  Sedighi, Mehdi},
  title	       = {A quantum physical design flow using ILP and graph
                  drawing},
  year	       = 2013,
  volume       = 12,
  number       = 10,
  month	       = {Jun},
  pages	       = {3239–3264},
  issn	       = {1573-1332},
  doi	       = {10.1007/s11128-013-0597-6},
  url	       = {http://dx.doi.org/10.1007/s11128-013-0597-6},
  journal      = {Quantum Information Processing},
  publisher    = {Springer Nature}
}
@Article{Bahreini_2015,
  author       = {Bahreini, Tayebeh and Mohammadzadeh, Naser},
  title	       = {An MINLP Model for Scheduling and Placement of
                  Quantum Circuits with a Heuristic Solution Approach},
  year	       = 2015,
  volume       = 12,
  number       = 3,
  month	       = {Sep},
  pages	       = {1–20},
  issn	       = {1550-4832},
  doi	       = {10.1145/2766452},
  url	       = {http://dx.doi.org/10.1145/2766452},
  journal      = {ACM Journal on Emerging Technologies in Computing
                  Systems},
  publisher    = {Association for Computing Machinery (ACM)}
}
@Article{Lye_2015,
  author       = {Lye, Aaron and Wille, Robert and Drechsler, Rolf},
  title	       = {Determining the minimal number of swap gates for
                  multi-dimensional nearest neighbor quantum circuits},
  year	       = 2015,
  month	       = {Jan},
  doi	       = {10.1109/aspdac.2015.7059001},
  url	       = {http://dx.doi.org/10.1109/aspdac.2015.7059001},
  isbn	       = 9781479977925,
  journal      = {The 20th Asia and South Pacific Design Automation
                  Conference},
  publisher    = {IEEE}
}
@Article{Wille_2016,
  author       = {Wille, Robert and Keszocze, Oliver and Walter,
                  Marcel and Rohrs, Patrick and Chattopadhyay, Anupam
                  and Drechsler, Rolf},
  title	       = {Look-ahead schemes for nearest neighbor optimization
                  of 1D and 2D quantum circuits},
  year	       = 2016,
  month	       = {Jan},
  doi	       = {10.1109/aspdac.2016.7428026},
  url	       = {http://dx.doi.org/10.1109/aspdac.2016.7428026},
  isbn	       = 9781467395694,
  journal      = {2016 21st Asia and South Pacific Design Automation
                  Conference (ASP-DAC)},
  publisher    = {IEEE}
}
@Article{Farghadan_2017,
  author       = {Farghadan, Azim and Mohammadzadeh, Naser},
  title	       = {Quantum circuit physical design flow for 2D
                  nearest-neighbor architectures},
  year	       = 2017,
  volume       = 45,
  number       = 7,
  month	       = {Mar},
  pages	       = {989–1000},
  issn	       = {0098-9886},
  doi	       = {10.1002/cta.2335},
  url	       = {http://dx.doi.org/10.1002/cta.2335},
  journal      = {International Journal of Circuit Theory and
                  Applications},
  publisher    = {Wiley-Blackwell}
}
@Online{coles18:quant_algor_implem_begin,
  author       = {Patrick J. Coles AND Stephan Eidenbenz AND Scott
                  Pakin AND Adetokunbo Adedoyin AND John Ambrosiano
                  AND Petr Anisimov AND William Casper AND Gopinath
                  Chennupati AND Carleton Coffrin AND Hristo Djidjev
                  AND David Gunter AND Satish Karra AND Nathan Lemons
                  AND Shizeng Lin AND Andrey Lokhov AND Alexander
                  Malyzhenkov AND David Mascarenas AND Susan
                  Mniszewski AND Balu Nadiga AND Dan O'Malley AND
                  Diane Oyen AND Lakshman Prasad AND Randy Roberts AND
                  Phil Romero AND Nandakishore Santhi AND Nikolai
                  Sinitsyn AND Pieter Swart AND Marc Vuffray AND Jim
                  Wendelberger AND Boram Yoon AND Richard Zamora AND
                  Wei Zhu},
  title	       = {{Quantum Algorithm Implementations for Beginners}},
  year	       = 2018,
  archiveprefix= {arXiv},
  eprint       = {1804.03719v1},
  primaryclass = {cs.ET}
}
@Article{Wallman_2016,
  author       = {Wallman, Joel J. and Emerson, Joseph},
  title	       = {Noise tailoring for scalable quantum computation via
                  randomized compiling},
  year	       = 2016,
  volume       = 94,
  number       = 5,
  month	       = {Nov},
  issn	       = {2469-9934},
  doi	       = {10.1103/physreva.94.052325},
  url	       = {http://dx.doi.org/10.1103/PhysRevA.94.052325},
  journal      = {Physical Review A},
  publisher    = {American Physical Society (APS)}
}
@Article{Versluis_2017,
  author       = {Versluis, R. and Poletto, S. and Khammassi, N. and
                  Tarasinski, B. and Haider, N. and Michalak,
                  D. J. and Bruno, A. and Bertels, K. and DiCarlo, L.},
  title	       = {Scalable Quantum Circuit and Control for a
                  Superconducting Surface Code},
  year	       = 2017,
  volume       = 8,
  number       = 3,
  month	       = {Sep},
  issn	       = {2331-7019},
  doi	       = {10.1103/physrevapplied.8.034021},
  url	       = {http://dx.doi.org/10.1103/PhysRevApplied.8.034021},
  journal      = {Physical Review Applied},
  publisher    = {American Physical Society (APS)}
}
@Article{Asaad_2016,
  author       = {Asaad, Serwan and Dickel, Christian and Langford,
                  Nathan K and Poletto, Stefano and Bruno, Alessandro
                  and Rol, Michiel Adriaan and Deurloo, Duije and
                  DiCarlo, Leonardo},
  title	       = {Independent, extensible control of same-frequency
                  superconducting qubits by selective broadcasting},
  year	       = 2016,
  volume       = 2,
  number       = 1,
  month	       = {Nov},
  issn	       = {2056-6387},
  doi	       = {10.1038/npjqi.2016.29},
  url	       = {http://dx.doi.org/10.1038/npjqi.2016.29},
  journal      = {npj Quantum Information},
  publisher    = {Springer Nature}
}
@Online{neill17,
  author       = {C. Neill AND P. Roushan AND K. Kechedzhi AND
                  S. Boixo AND S. V. Isakov AND V. Smelyanskiy AND
                  R. Barends AND B. Burkett AND Y. Chen AND Z. Chen
                  AND B. Chiaro AND A. Dunsworth AND A. Fowler AND
                  B. Foxen AND R. Graff AND E. Jeffrey AND J. Kelly
                  AND E. Lucero AND A. Megrant AND J. Mutus AND
                  M. Neeley AND C. Quintana AND D. Sank AND
                  A. Vainsencher AND J. Wenner AND T. C. White AND
                  H. Neven AND J. M. Martinis},
  title	       = {{A blueprint for demonstrating quantum supremacy
                  with superconducting qubits}},
  year	       = 2017,
  archiveprefix= {arXiv},
  eprint       = {1709.06678v1},
  primaryclass = {quant-ph}
}
@Online{boixo16:charac_quant_suprem_near_term_devic,
  author       = {Sergio Boixo AND Sergei V. Isakov AND Vadim
                  N. Smelyanskiy AND Ryan Babbush AND Nan Ding AND
                  Zhang Jiang AND Michael J. Bremner AND John
                  M. Martinis AND Hartmut Neven},
  title	       = {{Characterizing Quantum Supremacy in Near-Term
                  Devices}},
  year	       = 2016,
  archiveprefix= {arXiv},
  eprint       = {1608.00263v3},
  primaryclass = {quant-ph}
}
@misc{IBM_QX,
  author = {IBM},
  title = {IBM Q experience backend information},
  year = {2018},
  publisher = {GitHub},
  journal = {GitHub repository},
  howpublished = {\url{https://github.com/QISKit/ibmqx-backend-information}},
  commit = {8e2d9d1fcef2641d1e8a7a0d8454a6c98d9f0a28}
}
@Article{Feynman_1982,
  author       = {Feynman, Richard P.},
  title	       = {Simulating physics with computers},
  year	       = 1982,
  volume       = 21,
  number       = {6-7},
  month	       = {Jun},
  pages	       = {467–488},
  issn	       = {1572-9575},
  doi	       = {10.1007/bf02650179},
  url	       = {http://dx.doi.org/10.1007/bf02650179},
  journal      = {International Journal of Theoretical Physics},
  publisher    = {Springer Nature}
}
@Article{Wecker_2015,
  author       = {Wecker, Dave and Hastings, Matthew B. and Wiebe,
                  Nathan and Clark, Bryan K. and Nayak, Chetan and
                  Troyer, Matthias},
  title	       = {Solving strongly correlated electron models on a
                  quantum computer},
  year	       = 2015,
  volume       = 92,
  number       = 6,
  month	       = {Dec},
  issn	       = {1094-1622},
  doi	       = {10.1103/physreva.92.062318},
  url	       = {http://dx.doi.org/10.1103/physreva.92.062318},
  journal      = {Physical Review A},
  publisher    = {American Physical Society (APS)}
}
@Online{preskill18:quant_comput_nisq,
  author       = {John Preskill},
  title	       = {{Quantum Computing in the NISQ era and beyond}},
  year	       = 2018,
  archiveprefix= {arXiv},
  eprint       = {1801.00862v2},
  primaryclass = {quant-ph}
}
@Article{Green_2013,
  author       = {Green, Alexander S. and Lumsdaine, Peter LeFanu and
                  Ross, Neil J. and Selinger, Peter and Valiron,
                  Benoît},
  title	       = {Quipper},
  year	       = 2013,
  volume       = 48,
  number       = 6,
  month	       = {Jun},
  pages	       = 333,
  issn	       = {0362-1340},
  doi	       = {10.1145/2499370.2462177},
  url	       = {http://dx.doi.org/10.1145/2499370.2462177},
  journal      = {ACM SIGPLAN Notices},
  publisher    = {Association for Computing Machinery (ACM)}
}
@Article{Blais_2004,
  author       = {Blais, Alexandre and Huang, Ren-Shou and Wallraff,
                  Andreas and Girvin, S. M. and Schoelkopf, R. J.},
  title	       = {Cavity quantum electrodynamics for superconducting
                  electrical circuits: An architecture for quantum
                  computation},
  year	       = 2004,
  volume       = 69,
  number       = 6,
  month	       = {Jun},
  issn	       = {1094-1622},
  doi	       = {10.1103/physreva.69.062320},
  url	       = {http://dx.doi.org/10.1103/PhysRevA.69.062320},
  journal      = {Physical Review A},
  publisher    = {American Physical Society (APS)}
}
@Online{li18:tackl_qubit_mappin_probl_nisq,
  author       = {Gushu Li AND Yufei Ding AND Yuan Xie},
  title	       = {{Tackling the Qubit Mapping Problem for NISQ-Era
                  Quantum Devices}},
  year	       = 2018,
  archiveprefix= {arXiv},
  eprint       = {1809.02573v1},
  primaryclass = {cs.ET}
}

@Online{tannu18:case_variab_aware_polic_nisq,
  author       = {Swamit S. Tannu AND Moinuddin K. Qureshi},
  title	       = {{A Case for Variability-Aware Policies for NISQ-Era
                  Quantum Computers}},
  year	       = 2018,
  archiveprefix= {arXiv},
  eprint       = {1805.10224v1},
  primaryclass = {quant-ph}
}

@Article{Moll_2018,
  author       = {Moll, Nikolaj and Barkoutsos, Panagiotis and Bishop,
                  Lev S and Chow, Jerry M and Cross, Andrew and Egger,
                  Daniel J and Filipp, Stefan and Fuhrer, Andreas and
                  Gambetta, Jay M and Ganzhorn, Marc and et al.},
  title	       = {Quantum optimization using variational algorithms on
                  near-term quantum devices},
  year	       = 2018,
  volume       = 3,
  number       = 3,
  month	       = {Jun},
  pages	       = 030503,
  issn	       = {2058-9565},
  doi	       = {10.1088/2058-9565/aab822},
  url	       = {http://dx.doi.org/10.1088/2058-9565/aab822},
  journal      = {Quantum Science and Technology},
  publisher    = {IOP Publishing}
}


@Article{O_Brien_2017,
  author       = {O’Brien, T. E. and Tarasinski, B. and DiCarlo, L.},
  title	       = {Density-matrix simulation of small surface codes
                  under current and projected experimental noise},
  year	       = 2017,
  volume       = 3,
  number       = 1,
  month	       = {Sep},
  issn	       = {2056-6387},
  doi	       = {10.1038/s41534-017-0039-x},
  url	       = {http://dx.doi.org/10.1038/s41534-017-0039-x},
  journal      = {npj Quantum Information},
  publisher    = {Springer Nature}
}

@Online{obrien18:quant,
  author       = {T. E. O'Brien AND B. Tarasinski AND B. M. Terhal},
  title	       = {{Quantum phase estimation for noisy, small-scale
                  experiments}},
  year	       = 2018,
  archiveprefix= {arXiv},
  eprint       = {1809.09697v2},
  primaryclass = {quant-ph}
}

